@Article{Smirnov2016,
author="Smirnov, V. and Vorozhtsov, S.",
title="Modern compact accelerators of cyclotron type for medical applications",
journal="Physics of Particles and Nuclei",
year="2016",
volume="47",
number="5",
pages="863--883",
}

@ARTICLE{7393521,
author={H. W. Kim and Y. S. Lee and S. Y. Jung and J. C. Lee and J. S. Chai},
journal={IEEE Transactions on Applied Superconductivity},
title={Design Study of a 250 MeV Isochronous Cyclotron for Proton Therapy},
year={2016},
volume={26},
number={4},
pages={1-5},
keywords={cyclotrons;magnetic fields;radiation therapy;superconducting magnets;3D OPERA;3D magnetic field simulation;CYCLONE code;isochronous cyclotron design study;isochronous cyclotron magnet;isochronous magnetic field;magnet sector;proton therapy;single particle tracking simulation;spiral sector;Atmospheric modeling;Cyclotrons;Magnetic fields;Orbits;Radio frequency;Spirals;Superconducting magnets;Isochronous cyclotron;proton therapy;superconducting magnet},
doi={10.1109/TASC.2016.2521929},
ISSN={1051-8223},
month={June},}
